@article{alicke_culpable_2012,
   title        = {Culpable {Control} and {Causal} {Deviance}},
   author       = {Alicke, Mark David and Rose, David},
   year         = {2012},
   volume       = {6},
   pages        = {723--735},
   journal      = {Social and Personality Psychology Compass},
   number       = {10}
}

@article{alicke_culpable_2010,
   title        = {Culpable {Control} or {Moral} {Concepts}?},
   author       = {Alicke, Mark David and Rose, David},
   year         = {2010},
   volume       = {33},
   pages        = {330--331},
   journal      = {Behavioral and Brain Sciences},
   number       = {4}
}

@article{alicke_causation_2011,
   title        = {Causation, {Norm} {Violation}, and {Culpable} {Control}},
   author       = {Alicke, Mark David and Rose, David and Bloom, Dori},
   year         = {2011},
   volume       = {108},
   pages        = {670--696},
   journal      = {The Journal of Philosophy},
   number       = {12}
}

@incollection{bauer_two_2020,
   address      = {Berlin},
   author       = {Bauer, Alexander Max and Meyerhuber, Malte Ingo},
   title        = {Two {Worlds} on the {Brink} of {Colliding}. {On} the {Relationship} {Between} {Empirical} {Research} and {Normative} {Theory}},
   booktitle    = {Empirical {Research} and {Normative} {Theory}. {Transdisciplinary} {Perspectives} on {Two} {Methodical} {Traditions} {Between} {Separation} and {Interdependence}},
   publisher    = {Walter de Gruyter},
   editor       = {Bauer, Alexander Max and Meyerhuber, Malte Ingo},
   year         = {2020},
   pages        = {11--33}
}

@article{benjamini_controlling_1995,
   title        = {Controlling the {False} {Discovery} {Rate}. {A} {Practical} and {Powerful} {Approach} to {Multiple} {Testing}},
   author       = {Benjamini, Yoav and Hochberg, Yosef},
   year         = {1995},
   volume       = {57},
   pages        = {289--300},
   journal      = {Journal of the Royal Statistical Society. Series B (Statistical Methodology)},
   number       = {1}
}

@article{danks_demoralizing_2014,
   title        = {Demoralizing {Causation}},
   author       = {Danks, David and Rose, David and Machery, Edouard},
   year         = {2014},
   volume       = {171},
   pages        = {251--277},
   journal      = {Philosophical Studies},
   number       = {2}
}

@manual{limesurvey_project_team_limesurvey_2020,
   title        = {LimeSurvey. {An} {Open} {Source} {Survey} {Tool}},
   author       = {LimeSurvey},
   year         = {2020},
   address      = {Hamburg},
   organization = {LimeSurvey Project},
   note         = {\url{https://www.limesurvey.org}}
}

@article{livengood_actual_2020,
   title        = {Actual {Causation} and {Compositionality}},
   author       = {Livengood, Jonathan and Sytsma, Justin},
   year         = {2020},
   volume       = {87},
   pages        = {43--69},
   journal      = {Philosophy of Science},
   number       = {1}
}

@article{livengood_following_2017,
   title        = {Following the {FAD}. {Folk Attributions} and {Theories} of {Actual} {Causation}},
   author       = {Livengood, Jonathan and Sytsma, Justin and Rose, David},
   year         = {2017},
   volume       = {8},
   pages        = {273--294},
   journal      = {Review of Philosophy and Psychology},
   number       = {2}
}

@article{rose_folk_2017,
   title        = {Folk {Intuitions} of {Actual Causation}. {A} {Two}-{Pronged} {Debunking} {Explanation}},
   author       = {Rose, David},
   year         = {2017},
   volume       = {174},
   pages        = {1323--1361},
   journal      = {Philosophical Studies},
   number       = {5}
}

@article{sytsma_causation_2020,
   title        = {Causation, {Responsibility}, and {Typicality}},
   author       = {Sytsma, Justin},
   year         = {2020},
   journal      = {Review of Philosophy and Psychology}
}

@manual{torchiano_effsize_2020,
   title        = {Effsize. {Efficient} {Effect} {Size} {Computation}. {Version} 0.8.0},
   author       = {Torchiano, Marco},
   year         = {2020},
   note         = {\url{https://cran.r-project.org/package=effsize}}
}
